@book{1996-Vaart,
  author    = {Aad van der Vaart and Jon Wellner},
  title     = {Weak Convergence and Empirical Processes},
  publisher = {Springer},
  year      = {1996},
  series    = {Springer Series in Statistics}
}


@book{1998-Vaart,
  author    = {A. W. van der Vaart},
  title     = {Asymptotic Statistics},
  publisher = {Cambridge University Press},
  year      = {1998},
  series    = {Cambridge Series in Statistical and Probabilistic Mathematics}
}

@book{abramowitz,
   title		= {Handbook of Mathematical Functions},
   author	= {Milton Abramowitz and Irene A. Stegun},
   address	= {Washington, D.C.},
   publisher	= {NBS},
   year		= {1972},
   edition	= {10},
}

@article{bar1982exponential,
  title={An exponential subfamily which admits UMPU tests based on a single test statistic},
  author={Bar-Lev, Shaul K and Reiser, Benjamin},
  journal={The Annals of Statistics},
  pages={979--989},
  year={1982},
  publisher={JSTOR}
}



@article{bernardo1979a,
  title={Reference posterior distributions for Bayesian inference},
  author={Bernardo, Jose M},
  journal={Journal of the Royal Statistical Society. Series B (Methodological)},
  pages={113--147},
  year={1979},
  publisher={JSTOR}
}

@article{bernardo2005,
  title={Reference analysis},
  author={Bernardo, Jos{\'e} M},
  journal={Handbook of statistics},
  volume={25},
  pages={17--90},
  year={2005},
  publisher={Elsevier}
}

@article{berger1989estimating,
  title={Estimating a product of means: Bayesian analysis with reference priors},
  author={Berger, James O and Bernardo, Jos{\'e} M},
  journal={Journal of the American Statistical Association},
  volume={84},
  number={405},
  pages={200--207},
  year={1989},
  publisher={Taylor \& Francis}
}

@article{berger1992ordered,
  title={Ordered group reference priors with application to the multinomial problem},
  author={Berger, James O and Bernardo, Jos{\'e} M},
  journal={Biometrika},
  volume={79},
  number={1},
  pages={25--37},
  year={1992},
  publisher={Biometrika Trust}
}

@incollection{berger1992reference,
  title={Reference priors in a variance components problem},
  author={Berger, James O and Bernardo, Jos{\'e} M},
  booktitle={Bayesian Analysis in Statistics and Econometrics},
  pages={177--194},
  year={1992},
  publisher={Springer}
}


@article{berger1992development,
  title={On the development of reference priors},
  author={Berger, James O and Bernardo, Jos{\'e} M and others},
  journal={Bayesian statistics},
  volume={4},
  number={4},
  pages={35--60},
  year={1992}
}
@article{berger2015,
  title={Overall objective priors},
  author={Berger, James O and Bernardo, Jose M and Sun, Dongchu and others},
  journal={Bayesian Analysis},
  volume={10},
  number={1},
  pages={189--221},
  year={2015},
  publisher={International Society for Bayesian Analysis}
}

@article{berger2015a,
  title={Overall objective priors},
  author={Berger, James O and Bernardo, Jose M and Sun, Dongchu and others},
  journal={Bayesian Analysis},
  volume={10},
  number={1},
  pages={189--221},
  year={2015},
  publisher={International Society for Bayesian Analysis}
}

@book{box2011bayesian,
  title={Bayesian inference in statistical analysis},
  author={Box, George EP and Tiao, George C},
  volume={40},
  year={2011},
  publisher={John Wiley \& Sons}
}



@article{cox1987parameter,
  title={Parameter orthogonality and approximate conditional inference},
  author={Cox, David Roxbee and Reid, Nancy},
  journal={Journal of the Royal Statistical Society. Series B (Methodological)},
  pages={1--39},
  year={1987},
  publisher={JSTOR}
}

@article{diciccio1987approximate,
  title={Approximate inference for the generalized gamma distribution},
  author={DiCiccio, TJ},
  journal={Technometrics},
  volume={29},
  number={1},
  pages={33--40},
  year={1987},
  publisher={Taylor \& Francis Group}
}


@book{folland,
   title	= {Real analysis: modern techniques and their applications},
   author	= {Gerald B. Folland},
   address	= {New York},
   publisher	= {Wiley},
   year		= {1999},
   edition	= {2},
}

@article{fonseca2008objective,
  title={Objective Bayesian analysis for the Student-t regression model},
  author={Fonseca, Tha{\'\i}s CO and Ferreira, Marco AR and Migon, Helio S},
  journal={Biometrika},
  volume={95},
  number={2},
  pages={325--333},
  year={2008},
  publisher={Oxford University Press}
}

@book{gamerman2006markov,
  title={Markov chain Monte Carlo: stochastic simulation for Bayesian inference},
  author={Gamerman, Dani and Lopes, Hedibert F},
  year={2006},
  publisher={CRC Press}
}

@article{gelfand1990sampling,
  title={Sampling-based approaches to calculating marginal densities},
  author={Gelfand, Alan E and Smith, Adrian FM},
  journal={Journal of the American statistical association},
  volume={85},
  number={410},
  pages={398--409},
  year={1990},
  publisher={Taylor \& Francis Group}
}


@book{geweke1991evaluating,
  title={Evaluating the accuracy of sampling-based approaches to the calculation of posterior moments},
  author={Geweke, John and others},
  volume={196},
  year={1991},
  publisher={Federal Reserve Bank of Minneapolis, Research Department Minneapolis, MN, USA}
}

@article{hager1970inferential,
  title={Inferential procedures for the generalized gamma distribution},
  author={Hager, Harold W and Bain, Lee J},
  journal={Journal of the American Statistical Association},
  volume={65},
  number={332},
  pages={1601--1609},
  year={1970},
  publisher={Taylor \& Francis}
}


@inproceedings{jeffreys1946invariant,
  title={An invariant form for the prior probability in estimation problems},
  author={Jeffreys, Harold},
  booktitle={Proceedings of the Royal Society of London A: Mathematical, Physical and Engineering Sciences},
  volume={186},
  number={1007},
  pages={453--461},
  year={1946},
  organization={The Royal Society}
}


@article{kass1996selection,
  title={The selection of prior distributions by formal rules},
  author={Kass, Robert E and Wasserman, Larry},
  journal={Journal of the American Statistical Association},
  volume={91},
  number={435},
  pages={1343--1370},
  year={1996},
  publisher={Taylor \& Francis Group}
}

@article{liseo1993elimination,
  title={Elimination of nuisance parameters with reference priors},
  author={Liseo, Brunero},
  journal={Biometrika},
  volume={80},
  number={2},
  pages={295--304},
  year={1993},
  publisher={Biometrika Trust}
}




@article{moala2013bayesian,
  title={Bayesian Inference for Two-Parameter Gamma Distribution Assuming Different Noninformative Priors},
  author={Moala, Fernando Antonio and Ramos, Pedro Luiz and Achcar, Jorge Alberto},
  journal={Revista Colombiana de Estad{\'\i}stica},
  volume={36},
  number={2},
  pages={321--338},
  year={2013}
}

@article{miller1980bayesian,
  title={Bayesian analysis of the two-parameter gamma distribution},
  author={Miller, Robert B},
  journal={Technometrics},
  volume={22},
  number={1},
  pages={65--69},
  year={1980},
  publisher={Taylor \& Francis}
}

@article{mukerjee1993frequentist,
  title={Frequentist validity of posterior quantiles in the presence of a nuisance parameter: higher order asymptotics},
  author={Mukerjee, Rahul and Dey, Dipak K},
  journal={Biometrika},
  volume={80},
  number={3},
  pages={499--505},
  year={1993},
  publisher={Biometrika Trust}
}

@article{northrop2016,
  title={Posterior propriety in Bayesian extreme value analyses using reference priors},
  author={Northrop, PJ and Attalides, N},
  journal={Statistica Sinica},
  volume={26},
  number={2},
  year={2016},
  publisher={Academia Sinica, Institute of Statistical Science}
}

@book{o2006uncertain,
  title={Uncertain judgements: eliciting experts' probabilities},
  author={O'Hagan, Anthony and Buck, Caitlin E and Daneshkhah, Alireza and Eiser, J Richard and Garthwaite, Paul H and Jenkinson, David J and Oakley, Jeremy E and Rakow, Tim},
  year={2006},
  publisher={John Wiley \& Sons}
}

@article{prentice1974log,
  title={A log gamma model and its maximum likelihood estimation},
  author={Prentice, Ross L},
  journal={Biometrika},
  volume={61},
  number={3},
  pages={539--544},
  year={1974},
  publisher={Biometrika Trust}
}

@article{ramos2017bayesian,
  title={Bayesian analysis of the generalized gamma distribution using non-informative priors},
  author={Ramos, Pedro L and Achcar, Jorge A and Moala, Fernando A and Ramos, Eduardo and Louzada, Francisco},
  journal={Statistics},
   volume={51},
  number={4},
  pages={824--843},
  year={2017},
  publisher={Taylor \& Francis}
}

@article{roy2014propriety,
  title={Propriety of posterior distributions arising in categorical and survival models under generalized extreme value distribution},
  author={Roy, Vivekananda and Dey, Dipak K},
  journal={Statistica Sinica},
  pages={699--722},
  year={2014},
  publisher={JSTOR}
}

@article{sun1996frequentist,
  title={Frequentist validity of posterior quantiles for a two-parameter exponential family},
  author={Sun, Dongchu and Ye, Keying},
  journal={Biometrika},
  volume={83},
  number={1},
  pages={55--65},
  year={1996},
  publisher={Biometrika Trust}
}

@article{stacy1962,
  title={A generalization of the gamma distribution},
  author={Stacy, Eo W},
  journal={The Annals of Mathematical Statistics},
  pages={1187--1192},
  year={1962},
  publisher={JSTOR}
}

@article{stacy1965parameter,
  title={Parameter estimation for a generalized gamma distribution},
  author={Stacy, E Webb and Mihram, G Arthur},
  journal={Technometrics},
  volume={7},
  number={3},
  pages={349--358},
  year={1965},
  publisher={Taylor \& Francis}
}


@book{datta2012probability,
  title={Probability matching priors: higher order asymptotics},
  author={Datta, Gauri Sankar and Mukerjee, Rahul},
  volume={178},
  year={2012},
  publisher={Springer Science \& Business Media}
}

@article{tibshirani1989,
  title={Noninformative priors for one parameter of many},
  author={Tibshirani, Robert},
  journal={Biometrika},
  volume={76},
  number={3},
  pages={604--608},
  year={1989},
  publisher={Biometrika Trust}
}

@article{van2001bayes,
  title={Bayes estimates of flood quantiles using the generalised gamma distribution},
  author={Van Noortwijk, Jan M},
  journal={System and Bayesian Reliability},
  pages={351--374},
  year={2001}
}

@article{zellner1,
  title={Maximal Data Information Prior Distributions},
  author={Zellner, Arnold },
  journal={In New Methods in the applications of Bayesian Methods},
  year={1977},
  publisher={ North- Holland, Amsterdam.}
}

@article{zellner2,
  title={Maximal Data Information Prior Distributions},
  author={Zellner, Arnold },
  journal={Basic Issues in Econometrics},
  year={1984},
  publisher={U. of Chicago Press}
}

@article{ramos2018posterior,
  title={Posterior properties of the nakagami-m distribution using noninformative priors and applications in reliability},
  author={Ramos, Pedro Luiz and Louzada, Francisco and Ramos, Eduardo},
  journal={IEEE Transactions on reliability},
  volume={67},
  number={1},
  pages={105--117},
  year={2018},
  publisher={IEEE}
}

@article{sun1997note,
  title={A note on noninformative priors for Weibull distributions},
  author={Sun, Dongchu},
  journal={Journal of Statistical Planning and Inference},
  volume={61},
  number={2},
  pages={319--338},
  year={1997},
  publisher={Elsevier}
}

@article{newman2005power,
  title={Power laws, Pareto distributions and Zipf's law},
  author={Newman, Mark EJ},
  journal={Contemporary physics},
  volume={46},
  number={5},
  pages={323--351},
  year={2005},
  publisher={Taylor \& Francis}
}

@article{kim2021new,
  title={New closed-form estimators for weighted Lindley distribution},
  author={Kim, Hyoung-Moon and Jang, Yu-Hyeong},
  journal={Journal of the Korean Statistical Society},
  volume={50},
  pages={580--606},
  year={2021},
  publisher={Springer}
}

@article{corral2010scaling,
  title={Scaling of tropical-cyclone dissipation},
  author={Corral, {\'A}lvaro and Oss{\'o}, Albert and Llebot, Josep Enric},
  journal={Nature Physics},
  volume={6},
  number={9},
  pages={693--696},
  year={2010},
  publisher={Nature Publishing Group}
}

@article{louzada2019repairable,
  title={A Repairable System Subjected to Hierarchical Competing Risks: Modeling and Applications},
  author={Louzada, Francisco and Cuminato, Jos{\'e} A and Rodriguez, Oscar MH and Tomazella, Vera LD and Ferreira, Paulo H and Ramos, Pedro L and Niaki, Seyed RA and Gonzatto, Oilson A and Perissini, Ivan C and Alegr{\'\i}a, Luis FA and others},
  journal={IEEE Access},
  volume={7},
  pages={171707--171723},
  year={2019},
  publisher={IEEE}
}

@article{goldstein2004problems,
  title={Problems with fitting to the power-law distribution},
  author={Goldstein, Michel L and Morris, Steven A and Yen, Gary G},
  journal={The European Physical Journal B-Condensed Matter and Complex Systems},
  volume={41},
  number={2},
  pages={255--258},
  year={2004},
  publisher={Springer}
}

@book{barrat2008dynamical,
  title={Dynamical processes on complex networks},
  author={Barrat, Alain and Barthelemy, Marc and Vespignani, Alessandro},
  year={2008},
  publisher={Cambridge university press}
}

@book{newman2018networks,
  title={Networks},
  author={Newman, Mark},
  year={2018},
  publisher={Oxford university press}
}

@article{prvzulj2007biological,
  title={Biological network comparison using graphlet degree distribution},
  author={Pr{\v{z}}ulj, Nata{\v{s}}a},
  journal={Bioinformatics},
  volume={23},
  number={2},
  pages={e177--e183},
  year={2007},
  publisher={Oxford University Press}
}




@article{deluca2013fitting,
  title={Fitting and goodness-of-fit test of non-truncated and truncated power-law distributions},
  author={Deluca, Anna and Corral, {\'A}lvaro},
  journal={Acta Geophysica},
  volume={61},
  number={6},
  pages={1351--1394},
  year={2013},
  publisher={Springer}
}

@article{hanel2017fitting,
  title={Fitting power-laws in empirical data with estimators that work for all exponents},
  author={Hanel, Rudolf and Corominas-Murtra, Bernat and Liu, Bo and Thurner, Stefan},
  journal={PloS one},
  volume={12},
  number={2},
  year={2017},
  publisher={Public Library of Science}
}


@article{ferreira2020objective,
  title={Objective Bayesian analysis for the Lomax distribution},
  author={Ferreira, Paulo H and Ramos, Eduardo and Ramos, Pedro L and Gonzales, Jhon FB and Tomazella, Vera LD and Ehlers, Ricardo S and Silva, Eveliny B and Louzada, Francisco},
  journal={Statistics \& Probability Letters},
  volume={159},
  pages={108677},
  year={2020},
  publisher={Elsevier}
}


@article{liseo,
  title={Elimination of nuisance parameters with reference priors},
  author={Liseo, Brunero},
  journal={Biometrika},
  volume={80},
  number={2},
  pages={295--304},
  year={1993},
  publisher={Oxford University Press}
}


@article{lloyd2019improved,
  title={Improved polygenic prediction by Bayesian multiple regression on summary statistics},
  author={Lloyd-Jones, Luke R and Zeng, Jian and Sidorenko, Julia and Yengo, Lo{\"\i}c and Moser, Gerhard and Kemper, Kathryn E and Wang, Huanwei and Zheng, Zhili and Magi, Reedik and Esko, Tonu and others},
  journal={Nature communications},
  volume={10},
  number={1},
  pages={1--11},
  year={2019},
  publisher={Nature Publishing Group}
}

@article{wang2019novel,
  title={Novel model calibration method via non-probabilistic interval characterization and Bayesian theory},
  author={Wang, Chong and Matthies, Hermann G},
  journal={Reliability Engineering \& System Safety},
  volume={183},
  pages={84--92},
  year={2019},
  publisher={Elsevier}
}

@article{consonni2018prior,
  title={Prior distributions for objective Bayesian analysis},
  author={Consonni, Guido and Fouskakis, Dimitris and Liseo, Brunero and Ntzoufras, Ioannis and others},
  journal={Bayesian Analysis},
  volume={13},
  number={2},
  pages={627--679},
  year={2018},
  publisher={International Society for Bayesian Analysis}
}

@article{geilhufe2014power,
  title={Power law approximations of movement network data for modeling infectious disease spread},
  author={Geilhufe, Marc and Held, Leonhard and Skr{\o}vseth, Stein Olav and Simonsen, Gunnar S and Godtliebsen, Fred},
  journal={Biometrical Journal},
  volume={56},
  number={3},
  pages={363--382},
  year={2014},
  publisher={Wiley Online Library}
}

@article{leisen2018class,
  title={On a Class of Objective Priors from Scoring Rules},
  author={Leisen, Fabrizio and Villa, Cristiano and Walker, Stephen G and others},
  journal={Bayesian Analysis},
  year={2019},
  publisher={International Society for Bayesian Analysis}
}

@article{fonseca2019reference,
  title={Reference Bayesian analysis for hierarchical models},
  author={Fonseca, Tha{\'\i}s CO and Migon, Helio S and Mirandola, Heudson},
  journal={arXiv preprint arXiv:1904.11609},
  year={2019}
}


@article{mcdonald1987some,
  title={Some generalized models with application to reliability},
  author={McDonald, JB and Richards, DO},
  journal={Journal of Statistical Planning and Inference},
  volume={16},
  pages={365--376},
  year={1987}
}



@book{bierens2004introduction,
  title={Introduction to the mathematical and statistical foundations of econometrics},
  author={Bierens, Herman J},
  year={2004},
  publisher={Cambridge University Press}
}

@article{ramos2016efficient,
  title={An Efficient, Closed-Form MAP Estimator for Nakagami-m Fading Parameter},
  author={Ramos, Pedro Luiz and Louzada, Francisco and Ramos, Eduardo},
  journal={IEEE Communications Letters},
  volume={20},
  number={11},
  pages={2328--2331},
  year={2016},
  publisher={IEEE}
}

@article{louzada2019note,
  title={A note on bias of closed-form estimators for the gamma distribution derived from likelihood equations},
  author={Louzada, Francisco and Ramos, Pedro L and Ramos, Eduardo},
  journal={The American Statistician},
  volume={73},
  number={2},
  pages={195--199},
  year={2019},
  publisher={Taylor \& Francis}
}

@article{hosking1990moments,
  title={L-moments: Analysis and estimation of distributions using linear combinations of order statistics},
  author={Hosking, Jonathan RM},
  journal={Journal of the Royal Statistical Society: Series B (Methodological)},
  volume={52},
  number={1},
  pages={105--124},
  year={1990},
  publisher={Wiley Online Library}
}

@article{Cheng2,
  title={Estimating parameters in continuous univariate distributions with a shifted origin},
  author={Cheng, RCH and Amin, NAK},
  journal={Journal of the Royal Statistical Society. Series B (Methodological)},
  pages={394--403},
  year={1983},
  publisher={JSTOR}
}

@article{kao1,
  title={Computer methods for estimating Weibull parameters in reliability studies},
  author={Kao, John HK},
  journal={IRE Transactions on Reliability and Quality Control},
  pages={15--22},
  year={1958},
  publisher={IEEE}
}

@article{kao2,
  title={A graphical estimation of mixed Weibull parameters in life-testing of electron tubes},
  author={Kao, John HK},
  journal={Technometrics},
  volume={1},
  number={4},
  pages={389--407},
  year={1959},
  publisher={Taylor \& Francis}
}

@article{murphy2000profile,
  title={On profile likelihood},
  author={Murphy, Susan A and Van der Vaart, Aad W},
  journal={Journal of the American Statistical Association},
  volume={95},
  number={450},
  pages={449--465},
  year={2000},
  publisher={Taylor \& Francis Group}
}


@article{andersen1970asymptotic,
  title={Asymptotic properties of conditional maximum-likelihood estimators},
  author={Andersen, Erling Bernhard},
  journal={Journal of the Royal Statistical Society: Series B (Methodological)},
  volume={32},
  number={2},
  pages={283--301},
  year={1970},
  publisher={Wiley Online Library}
}

@article{cox1975partial,
  title={Partial likelihood},
  author={Cox, David R},
  journal={Biometrika},
  volume={62},
  number={2},
  pages={269--276},
  year={1975},
  publisher={Oxford University Press}
}

@article{dempster1977maximum,
  title={Maximum likelihood from incomplete data via the EM algorithm},
  author={Dempster, Arthur P and Laird, Nan M and Rubin, Donald B},
  journal={Journal of the Royal Statistical Society: Series B (Methodological)},
  volume={39},
  number={1},
  pages={1--22},
  year={1977},
  publisher={Wiley Online Library}
}


@article{gourieroux1984pseudo,
  title={Pseudo maximum likelihood methods: Theory},
  author={Gourieroux, Christian and Monfort, Alain and Trognon, Alain},
  journal={Econometrica: journal of the Econometric Society},
  pages={681--700},
  year={1984},
  publisher={JSTOR}
}


@article{aldrich1997ra,
  title={R. A. Fisher and the making of maximum likelihood 1912-1922},
  author={Aldrich, John and others},
  journal={Statistical Science},
  volume={12},
  number={3},
  pages={162--176},
  year={1997},
  publisher={Institute of Mathematical Statistics}
}
@article{louzada2018efficient,
  title={Efficient closed-form maximum a posteriori estimators for the gamma distribution},
  author={Louzada, Francisco and Ramos, Pedro Luiz},
  journal={Journal of Statistical Computation and Simulation},
  volume={88},
  number={6},
  pages={1134--1146},
  year={2018},
  publisher={Taylor \& Francis}
}

@article{aryal2004information,
  title={Information matrix for beta distributions},
  author={Aryal, Gokarna and Nadarajah, Saralees},
  journal={Serdica Mathematical Journal},
  volume={30},
  number={4},
  pages={513--526},
  year={2004}
}

@article{cox1968general,
  title={A general definition of residuals},
  author={Cox, David R and Snell, E Joyce},
  journal={Journal of the Royal Statistical Society: Series B (Methodological)},
  volume={30},
  number={2},
  pages={248--265},
  year={1968},
  publisher={Wiley Online Library}
}

@book{2004-Bierens,
  title={Introduction to the mathematical and statistical foundations of econometrics},
  author={Bierens, Herman J},
  year={2004},
  publisher={Cambridge University Press}
}

@book{2006-Lehmann,
  title={Theory of point estimation},
  author={Lehmann, Erich L and Casella, George},
  year={2006},
  publisher={Springer Science \& Business Media}
}

@article{1970-Hager,
  title={Inferential procedures for the generalized gamma distribution},
  author={Hager, Harold W and Bain, Lee J},
  journal={Journal of the American Statistical Association},
  volume={65},
  number={332},
  pages={1601--1609},
  year={1970},
  publisher={Taylor \& Francis Group}
}


@article{redner1981note,
  title={Note on the consistency of the maximum likelihood estimate for nonidentifiable distributions},
  author={Redner, Richard and others},
  journal={Annals of Statistics},
  volume={9},
  number={1},
  pages={225--228},
  year={1981},
  publisher={Institute of Mathematical Statistics}
}

@article{firth1993bias,
  title={Bias reduction of maximum likelihood estimates},
  author={Firth, David},
  journal={Biometrika},
  volume={80},
  number={1},
  pages={27--38},
  year={1993},
  publisher={Oxford University Press}
}

@article{anderson1982penalized,
  title={Penalized maximum likelihood estimation in logistic regression and discrimination},
  author={Anderson, JA and Blair, Val},
  journal={Biometrika},
  volume={69},
  number={1},
  pages={123--136},
  year={1982},
  publisher={Oxford University Press}
}

@article{ramos2020bias,
  title={Bias reduction in the closed-form maximum likelihood estimator for the Nakagami-m Fading Parameter},
  author={Ramos, Pedro Luiz and Louzada, Francisco and Ramos, Eduardo},
  journal={IEEE Wireless Communications Letters},
  volume={9},
  number={10},
  pages={1692--1695},
  year={2020},
  publisher={IEEE}
}

@book{2008-Lehmann,
  title={Testing statistical hypotheses},
  author={Lehmann, Erich L and Romano, Joseph P},
  year={2008},
  publisher={Springer Science \& Business Media}
}

@book{2006-Charalambos,
   title =     {Infinite Dimensional Analysis: A Hitchhiker's Guide},
   author =    {Charalambos D. Aliprantis, Kim Border},
   publisher = {Springer},
   year =      {2006},
   edition =   {3rd}}

@article{2022-Zhao,
title = {Closed-form and bias-corrected estimators for the bivariate gamma distribution},
journal = {Journal of Multivariate Analysis},
volume = {191},
pages = {105009},
year = {2022},
issn = {0047-259X},
doi = {https://doi.org/10.1016/j.jmva.2022.105009},
url = {https://www.sciencedirect.com/science/article/pii/S0047259X22000380},
author = {Jun Zhao and Yu-Hyeong Jang and Hyoung-Moon Kim}}



@book{migon2014statistical,
  title={Statistical inference: an integrated approach},
  author={Migon, Helio S and Gamerman, Dani and Louzada, Francisco},
  year={2014},
  publisher={CRC press}
}

@article{cheng1995non,
  title={Non-regular maximum likelihood problems},
  author={Cheng, RCH and Traylor, L},
  journal={Journal of the Royal Statistical Society. Series B (Methodological)},
  pages={3--44},
  year={1995},
  publisher={JSTOR}
}

@article{ramos2021bayesian,
  title={Bayesian analysis of the inverse generalized gamma distribution using objective priors},
  author={Ramos, Pedro L and Mota, Alex L and Ferreira, Paulo H and Ramos, Eduardo and Tomazella, Vera LD and Louzada, Francisco},
  journal={Journal of Statistical Computation and Simulation},
  volume={91},
  number={4},
  pages={786--816},
  year={2021},
  publisher={Taylor \& Francis}
}

@article{ramos2022objective,
  title={Objective Bayesian inference for the capability index of the Weibull distribution and its generalization},
  author={Ramos, Pedro L and Almeida, Marcello H and Louzada, Francisco and Flores, Edilson and Moala, Fernando A},
  journal={Computers \& Industrial Engineering},
  volume={167},
  pages={108012},
  year={2022},
  publisher={Elsevier}
}

@article{tomazella2021bayesian,
  title={Bayesian Reference Analysis for the Generalized Normal Linear Regression Model},
  author={Tomazella, Vera Lucia Damasceno and Jesus, Sandra R{\^e}go and Gazon, Amanda Buosi and Louzada, Francisco and Nadarajah, Saralees and Nascimento, Diego Carvalho and Rodrigues, Francisco Aparecido and Ramos, Pedro Luiz},
  journal={Symmetry},
  volume={13},
  number={5},
  pages={856},
  year={2021},
  publisher={Multidisciplinary Digital Publishing Institute}
}

@article{sinha2003bayesian,
  title={Bayesian inference for survival data with a surviving fraction},
  author={Sinha, Debajyoti and Chen, Ming-Hui and Ibrahim, Joseph G},
  journal={Lecture Notes-Monograph Series},
  pages={117--138},
  year={2003},
  publisher={JSTOR}
}

@article{leisen2020class,
  title={On a Class of Objective Priors from Scoring Rules (with Discussion)},
  author={Leisen, Fabrizio and Villa, Cristiano and Walker, Stephen G and others},
  journal={Bayesian Analysis},
  volume={15},
  number={4},
  pages={1345--1423},
  year={2020},
  publisher={International Society for Bayesian Analysis}
}

@article{van2021bayesian,
  title={Bayesian statistics and modelling},
  author={van de Schoot, Rens and Depaoli, Sarah and King, Ruth and Kramer, Bianca and M{\"a}rtens, Kaspar and Tadesse, Mahlet G and Vannucci, Marina and Gelman, Andrew and Veen, Duco and Willemsen, Joukje and others},
  journal={Nature Reviews Methods Primers},
  volume={1},
  number={1},
  pages={1},
  year={2021},
  publisher={Nature Publishing Group UK London}
}

@article{panigrahi2023approximate,
  title={Approximate selective inference via maximum likelihood},
  author={Panigrahi, Snigdha and Taylor, Jonathan},
  journal={Journal of the American Statistical Association},
  volume={118},
  number={544},
  pages={2810--2820},
  year={2023},
  publisher={Taylor \& Francis}
}

@article{ng2013recent,
  title={Recent developments in expectation-maximization methods for analyzing complex data},
  author={Ng, Shu-Kay},
  journal={Wiley Interdisciplinary Reviews: Computational Statistics},
  volume={5},
  number={6},
  pages={415--431},
  year={2013},
  publisher={Wiley Online Library}
}

@article{ye2017closed,
  title={Closed-form estimators for the gamma distribution derived from likelihood equations},
  author={Ye, Zhi-Sheng and Chen, Nan},
  journal={The American Statistician},
  volume={71},
  number={2},
  pages={177--181},
  year={2017},
  publisher={Taylor \& Francis}
}

@article{louzada2018inverse,
  title={The inverse Nakagami-m distribution: A novel approach in reliability},
  author={Louzada, Francisco and Ramos, Pedro Luiz and Nascimento, Diego},
  journal={IEEE Transactions on Reliability},
  volume={67},
  number={3},
  pages={1030--1042},
  year={2018},
  publisher={IEEE}
}

@article{ramos2023power,
  title={Power laws distributions in objective priors},
  author={Ramos, Pedro Luiz and Rodrigues, Francisco A and Ramos, Eduardo and Dey, Dipak K and Louzada, Francisco},
  journal={Statistica Sinica},
  volume={33},
  pages={1--26},
  year={2023}
}

@article{hwang2002new,
  title={On new moment estimation of parameters of the gamma distribution using its characterization},
  author={Hwang, Tea-Yuan and Huang, Ping-Huang},
  journal={Annals of the Institute of Statistical Mathematics},
  volume={54},
  pages={840--847},
  year={2002},
  publisher={Springer}
}

@article{good1952rational,
  title={Rational decisions},
  author={Good, Irving John},
  journal={Journal of the Royal Statistical Society: Series B (Methodological)},
  volume={14},
  number={1},
  pages={107--114},
  year={1952},
  publisher={Wiley Online Library}
}

@article{tsallis1988possible,
  title={Possible generalization of Boltzmann-Gibbs statistics},
  author={Tsallis, Constantino},
  journal={Journal of statistical physics},
  volume={52},
  pages={479--487},
  year={1988},
  publisher={Springer}
}

@article{basu1998robust,
  title={Robust and efficient estimation by minimising a density power divergence},
  author={Basu, Ayanendranath and Harris, Ian R and Hjort, Nils L and Jones, MC},
  journal={Biometrika},
  volume={85},
  number={3},
  pages={549--559},
  year={1998},
  publisher={Oxford University Press}
}
@article{hyvarinen2005estimation,
  title={Estimation of non-normalized statistical models by score matching.},
  author={Hyv{\"a}rinen, Aapo and Dayan, Peter},
  journal={Journal of Machine Learning Research},
  volume={6},
  number={4},
  year={2005}
}

@article{ferrari2010maximum,
  title={Maximum Lq-Likelihood Method},
  author={Ferrari, Davide and Yang, Yuhong and others},
  journal={Annals of Statistics},
  volume={38},
  pages={573--583},
  year={2010}
}

@article{zhao2022closed,
  title={Closed-form and bias-corrected estimators for the bivariate gamma distribution},
  author={Zhao, Jun and Jang, Yu-Hyeong and Kim, Hyoung-Moon},
  journal={Journal of Multivariate Analysis},
  volume={191},
  pages={105009},
  year={2022},
  publisher={Elsevier}
}

@article{nawa2023closed,
  title={Closed form estimators for a multivariate gamma distribution},
  author={Nawa, Victor Mooto and Nadarajah, Saralees},
  journal={Statistics},
  volume={57},
  number={2},
  pages={482--495},
  year={2023},
  publisher={Taylor \& Francis}
}



@article{ramos2024power,
  title={Power-law distribution in pieces: a semi-parametric approach with change point detection},
  author={Ramos, Pedro L and Jerez-Lillo, Nixon and Segovia, Francisco A and Egbon, Osafu A and Louzada, Francisco},
  journal={Statistics and Computing},
  volume={34},
  number={1},
  pages={16},
  year={2024},
  publisher={Springer}
}

@article{ramos2021power,
  title={Power laws in the Roman Empire: a survival analysis},
  author={Ramos, Pedro L and Costa, Luciano da F and Louzada, Francisco and Rodrigues, Francisco A},
  journal={Royal Society Open Science},
  volume={8},
  number={7},
  pages={210850},
  year={2021},
  publisher={The Royal Society}
}


@article{cheng1983estimating,
  title={Estimating parameters in continuous univariate distributions with a shifted origin},
  author={Cheng, RCH and Amin, NAK},
  journal={Journal of the Royal Statistical Society. Series B (Methodological)},
  pages={394--403},
  year={1983},
  publisher={JSTOR}
}


@article{hansen1982large,
  title={Large sample properties of generalized method of moments estimators},
  author={Hansen, Lars Peter},
  journal={Econometrica: Journal of the econometric society},
  pages={1029--1054},
  year={1982},
  publisher={JSTOR}
}

@article{cheng1989goodness,
  title={A goodness-of-fit test using Moran's statistic with estimated parameters},
  author={Cheng, RCH and Stephens, MA},
  journal={Biometrika},
  volume={76},
  number={2},
  pages={385--392},
  year={1989},
  publisher={Biometrika Trust}
}

@book{d1986goodness,
  title={Goodness-of-fit-techniques},
  author={D'Agostino, Ralph B},
  volume={68},
  year={1986},
  publisher={CRC press}
}





@article{ranneby1984maximum,
  title={The maximum spacing method. An estimation method related to the maximum likelihood method},
  author={Ranneby, Bo},
  journal={Scandinavian Journal of Statistics},
  volume={11},
  pages={93--112},
  year={1984},
  publisher={JSTOR}
}

@article{macdonald1971estimation,
  title={An estimation procedure for mixtures of distribution},
  author={Macdonald, PDM},
  journal={Journal of the Royal Statistical Society. Series B (Methodological)},
  volume={33},
  pages={326--329},
  year={1971}
}

@article{hartley1958maximum,
  title={Maximum likelihood estimation from incomplete data},
  author={Hartley, Herman O},
  journal={Biometrics},
  volume={14},
  number={2},
  pages={174--194},
  year={1958},
  publisher={JSTOR}
}

@article{ho2023asymptotically,
  title={An asymptotically efficient closed-form estimator for the Dirichlet distribution},
  author={Ho Chang, Jae and Kyu Lee, Sang and Kim, Hyoung-Moon},
  journal={Stat},
  volume={12},
  number={1},
  pages={e640},
  year={2023},
  publisher={Wiley Online Library}
}

@article{ramos2019improved,
  title={Improved Bayes estimators and prediction for the Wilson-Hilferty distribution},
  author={Ramos, Pedro L and Almeida, Marco P and Tomazella, Vera LD and Louzada, Francisco},
  journal={Anais da Academia Brasileira de Ciencias},
  volume={91},
  pages={e20190002},
  year={2019},
  publisher={SciELO Brasil}
}