
@article{mcdonald1987some,
  title={Some generalized models with application to reliability},
  author={McDonald, JB and Richards, DO},
  journal={Journal of Statistical Planning and Inference},
  volume={16},
  pages={365--376},
  year={1987}
}



@book{bierens2004introduction,
  title={Introduction to the mathematical and statistical foundations of econometrics},
  author={Bierens, Herman J},
  year={2004},
  publisher={Cambridge University Press}
}

@article{ramos2016efficient,
  title={An Efficient, Closed-Form MAP Estimator for Nakagami-m Fading Parameter},
  author={Ramos, Pedro Luiz and Louzada, Francisco and Ramos, Eduardo},
  journal={IEEE Communications Letters},
  volume={20},
  number={11},
  pages={2328--2331},
  year={2016},
  publisher={IEEE}
}

@article{louzada2019note,
  title={A note on bias of closed-form estimators for the gamma distribution derived from likelihood equations},
  author={Louzada, Francisco and Ramos, Pedro L and Ramos, Eduardo},
  journal={The American Statistician},
  volume={73},
  number={2},
  pages={195--199},
  year={2019},
  publisher={Taylor \& Francis}
}

@article{hosking1990moments,
  title={L-moments: Analysis and estimation of distributions using linear combinations of order statistics},
  author={Hosking, Jonathan RM},
  journal={Journal of the Royal Statistical Society: Series B (Methodological)},
  volume={52},
  number={1},
  pages={105--124},
  year={1990},
  publisher={Wiley Online Library}
}

@article{Cheng2,
  title={Estimating parameters in continuous univariate distributions with a shifted origin},
  author={Cheng, RCH and Amin, NAK},
  journal={Journal of the Royal Statistical Society. Series B (Methodological)},
  pages={394--403},
  year={1983},
  publisher={JSTOR}
}

@article{kao1,
  title={Computer methods for estimating Weibull parameters in reliability studies},
  author={Kao, John HK},
  journal={IRE Transactions on Reliability and Quality Control},
  pages={15--22},
  year={1958},
  publisher={IEEE}
}

@article{kao2,
  title={A graphical estimation of mixed Weibull parameters in life-testing of electron tubes},
  author={Kao, John HK},
  journal={Technometrics},
  volume={1},
  number={4},
  pages={389--407},
  year={1959},
  publisher={Taylor \& Francis}
}

@article{murphy2000profile,
  title={On profile likelihood},
  author={Murphy, Susan A and Van der Vaart, Aad W},
  journal={Journal of the American Statistical Association},
  volume={95},
  number={450},
  pages={449--465},
  year={2000},
  publisher={Taylor \& Francis Group}
}


@article{andersen1970asymptotic,
  title={Asymptotic properties of conditional maximum-likelihood estimators},
  author={Andersen, Erling Bernhard},
  journal={Journal of the Royal Statistical Society: Series B (Methodological)},
  volume={32},
  number={2},
  pages={283--301},
  year={1970},
  publisher={Wiley Online Library}
}

@article{cox1975partial,
  title={Partial likelihood},
  author={Cox, David R},
  journal={Biometrika},
  volume={62},
  number={2},
  pages={269--276},
  year={1975},
  publisher={Oxford University Press}
}

@article{dempster1977maximum,
  title={Maximum likelihood from incomplete data via the EM algorithm},
  author={Dempster, Arthur P and Laird, Nan M and Rubin, Donald B},
  journal={Journal of the Royal Statistical Society: Series B (Methodological)},
  volume={39},
  number={1},
  pages={1--22},
  year={1977},
  publisher={Wiley Online Library}
}


@article{gourieroux1984pseudo,
  title={Pseudo maximum likelihood methods: Theory},
  author={Gourieroux, Christian and Monfort, Alain and Trognon, Alain},
  journal={Econometrica: journal of the Econometric Society},
  pages={681--700},
  year={1984},
  publisher={JSTOR}
}


@article{aldrich1997ra,
  title={RA Fisher and the making of maximum likelihood 1912-1922},
  author={Aldrich, John and others},
  journal={Statistical science},
  volume={12},
  number={3},
  pages={162--176},
  year={1997},
  publisher={Institute of Mathematical Statistics}
}

@article{aryal2004information,
  title={Information matrix for beta distributions},
  author={Aryal, Gokarna and Nadarajah, Saralees},
  journal={Serdica Mathematical Journal},
  volume={30},
  number={4},
  pages={513p--526p},
  year={2004}
}

@article{cox1968general,
  title={A general definition of residuals},
  author={Cox, David R and Snell, E Joyce},
  journal={Journal of the Royal Statistical Society: Series B (Methodological)},
  volume={30},
  number={2},
  pages={248--265},
  year={1968},
  publisher={Wiley Online Library}
}

@book{2004-Bierens,
  title={Introduction to the mathematical and statistical foundations of econometrics},
  author={Bierens, Herman J},
  year={2004},
  publisher={Cambridge University Press}
}

@book{2006-Lehmann,
  title={Theory of point estimation},
  author={Lehmann, Erich L and Casella, George},
  year={2006},
  publisher={Springer Science \& Business Media}
}

@article{1970-Hager,
  title={Inferential procedures for the generalized gamma distribution},
  author={Hager, Harold W and Bain, Lee J},
  journal={Journal of the American Statistical Association},
  volume={65},
  number={332},
  pages={1601--1609},
  year={1970},
  publisher={Taylor \& Francis Group}
}


@article{redner1981note,
  title={Note on the consistency of the maximum likelihood estimate for nonidentifiable distributions},
  author={Redner, Richard and others},
  journal={Annals of Statistics},
  volume={9},
  number={1},
  pages={225--228},
  year={1981},
  publisher={Institute of Mathematical Statistics}
}

@article{firth1993bias,
  title={Bias reduction of maximum likelihood estimates},
  author={Firth, David},
  journal={Biometrika},
  volume={80},
  number={1},
  pages={27--38},
  year={1993},
  publisher={Oxford University Press}
}

@article{anderson1982penalized,
  title={Penalized maximum likelihood estimation in logistic regression and discrimination},
  author={Anderson, JA and Blair, Val},
  journal={Biometrika},
  volume={69},
  number={1},
  pages={123--136},
  year={1982},
  publisher={Oxford University Press}
}

@article{ramos2020bias,
  title={Bias reduction in the closed-form maximum likelihood estimator for the Nakagami-m Fading Parameter},
  author={Ramos, Pedro Luiz and Louzada, Francisco and Ramos, Eduardo},
  journal={IEEE Wireless Communications Letters},
  volume={9},
  number={10},
  pages={1692--1695},
  year={2020},
  publisher={IEEE}
}

@book{2008-Lehmann,
  title={Testing statistical hypotheses},
  author={Lehmann, Erich L and Romano, Joseph P},
  year={2008},
  publisher={Springer Science \& Business Media}
}

@book{2006-Charalambos,
   title =     {Infinite Dimensional Analysis: A Hitchhiker's Guide},
   author =    {Charalambos D. Aliprantis, Kim Border},
   publisher = {Springer},
   year =      {2006},
   edition =   {3rd}}

@article{2022-Zhao,
title = {Closed-form and bias-corrected estimators for the bivariate gamma distribution},
journal = {Journal of Multivariate Analysis},
volume = {191},
pages = {105009},
year = {2022},
issn = {0047-259X},
doi = {https://doi.org/10.1016/j.jmva.2022.105009},
url = {https://www.sciencedirect.com/science/article/pii/S0047259X22000380},
author = {Jun Zhao and Yu-Hyeong Jang and Hyoung-Moon Kim}}